<record><leader>00000cas a2200000 a 4500</leader><controlfield tag="001">9345676</controlfield><controlfield tag="008">830325d18811882iludn ne      0   a0eng  </controlfield><datafield ind1=" " ind2=" " tag="010"><subfield code="a">sn 82016456 </subfield></datafield><datafield ind1=" " ind2=" " tag="040"><subfield code="a">DLC</subfield><subfield code="b">eng</subfield><subfield code="c">DLC</subfield><subfield code="d">NPW</subfield><subfield code="d">DLC</subfield><subfield code="d">NPV</subfield><subfield code="d">NPW</subfield><subfield code="d">DLC</subfield><subfield code="d">NVF</subfield><subfield code="d">CVF</subfield><subfield code="d">NVF</subfield><subfield code="d">OCLCQ</subfield><subfield code="d">OCLCF</subfield><subfield code="d">NVF</subfield><subfield code="d">OCLCO</subfield></datafield><datafield ind1=" " ind2=" " tag="042"><subfield code="a">pcc</subfield></datafield><datafield ind1=" " ind2=" " tag="043"><subfield code="a">n-us-il</subfield></datafield><datafield ind1="0" ind2="0" tag="050"><subfield code="a">Newspaper 7610</subfield></datafield><datafield ind1="0" ind2="0" tag="245"><subfield code="a">Chicago morning news.</subfield></datafield><datafield ind1="1" ind2="7" tag="246"><subfield code="a">Morning news</subfield></datafield><datafield ind1=" " ind2=" " tag="260"><subfield code="a">Chicago, Ill. :</subfield><subfield code="b">V.F. Lawson &amp; Co.,</subfield><subfield code="c">1881-1882.</subfield></datafield><datafield ind1=" " ind2=" " tag="300"><subfield code="a">v.</subfield></datafield><datafield ind1=" " ind2=" " tag="310"><subfield code="a">Daily (except Sunday)</subfield></datafield><datafield ind1="0" ind2=" " tag="362"><subfield code="a">No. 1 (Mar. 21, 1881)-no. 319 (Mar. 27, 1882) ; v. 2, no. 4 (Mar. 28, 1882)-v. 2, no. 103 (July 22, 1882).</subfield></datafield><datafield ind1=" " ind2="0" tag="651"><subfield code="a">Chicago (Ill.)</subfield><subfield code="v">Newspapers.</subfield></datafield><datafield ind1=" " ind2="7" tag="651"><subfield code="a">Illinois</subfield><subfield code="z">Chicago.</subfield><subfield code="2">fast</subfield><subfield code="0">(OCoLC)fst01204048</subfield></datafield><datafield ind1=" " ind2="7" tag="655"><subfield code="a">Newspapers.</subfield><subfield code="2">fast</subfield><subfield code="0">(OCoLC)fst01423814</subfield></datafield><datafield ind1=" " ind2=" " tag="752"><subfield code="a">United States</subfield><subfield code="b">Illinois</subfield><subfield code="c">Cook</subfield><subfield code="d">Chicago.</subfield></datafield><datafield ind1="0" ind2=" " tag="775"><subfield code="t">Chicago weekly news</subfield><subfield code="w">(DLC)sn 83045071</subfield><subfield code="w">(OCoLC)9291630</subfield></datafield><datafield ind1="0" ind2=" " tag="775"><subfield code="t">Chicago daily news (Chicago, Ill. : 1875)</subfield><subfield code="w">(DLC)sn 83045178</subfield><subfield code="w">(OCoLC)1554149</subfield></datafield><datafield ind1="0" ind2="0" tag="785"><subfield code="t">Chicago daily news (Chicago, Ill. : Morning ed.)</subfield><subfield code="w">(DLC)sn 82016454</subfield><subfield code="w">(OCoLC)9338613</subfield></datafield></record>